@mastersthesis{peelar2016accommodating,
	title={Accommodating prepositional phrases in a highly modular natural language query interface to semantic web triplestores using a novel event-based denotational semantics for English and a set of functional parser combinators},
	author={Peelar, Shane},
	year={2016},
	school={University of Windsor (Canada)}
}

@inproceedings{frostboulos2002,
	author    = {Richard A. Frost and
	Pierre Boulos},
	editor    = {Robin Cohen and
	Bruce Spencer},
	title     = {An Efficient Compositional Semantics for Natural-Language Database
	Queries with Arbitrarily-Nested Quantification and Negation},
	booktitle = {Advances in Artificial Intelligence, 15th Conference of the Canadian
	Society for Computational Studies of Intelligence, {AI} 2002, Calgary,
	Canada, May 27-29, 2002, Proceedings},
	series    = {Lecture Notes in Computer Science},
	volume    = {2338},
	pages     = {252--267},
	publisher = {Springer},
	year      = {2002},
	url       = {https://doi.org/10.1007/3-540-47922-8\_21},
	doi       = {10.1007/3-540-47922-8\_21},
	timestamp = {Tue, 14 May 2019 10:00:39 +0200},
	biburl    = {https://dblp.org/rec/conf/ai/FrostB02.bib},
	bibsource = {dblp computer science bibliography, https://dblp.org}
}



@inproceedings{frost2018extensible,
	author    = {Richard A. Frost and
	Shane M. Peelar},
	editor    = {Key{-}Sun Choi and
	Luis Espinosa Anke and
	Thierry Declerck and
	Dagmar Gromann and
	Jin{-}Dong Kim and
	Axel{-}Cyrille Ngonga Ngomo and
	Muhammad Saleem and
	Ricardo Usbeck},
	title     = {An Extensible Natural-Language Query Interface to an Event-Based Semantic
	Web Triplestore},
	booktitle = {Joint proceedings of the 4th Workshop on Semantic Deep Learning (SemDeep-4)
	and NLIWoD4: Natural Language Interfaces for the Web of Data {(NLIWOD-4)}
	and 9th Question Answering over Linked Data challenge {(QALD-9)} co-located
	with 17th International Semantic Web Conference {(ISWC} 2018), Monterey,
	California, United States of America, October 8th - 9th, 2018},
	series    = {{CEUR} Workshop Proceedings},
	volume    = {2241},
	pages     = {1--16},
	publisher = {CEUR-WS.org},
	year      = {2018},
	url       = {http://ceur-ws.org/Vol-2241/paper-01.pdf},
	timestamp = {Wed, 12 Feb 2020 16:44:50 +0100},
	biburl    = {https://dblp.org/rec/conf/semweb/FrostP18.bib},
	bibsource = {dblp computer science bibliography, https://dblp.org}
}

@techreport{berners1989information,
	title={Information management: A proposal},
	author={Berners-Lee, Timothy J},
	year={1989}
}

@article{knuth1968semantics,
	title={Semantics of context-free languages},
	author={Knuth, Donald E},
	journal={Mathematical systems theory},
	volume={2},
	number={2},
	pages={127--145},
	year={1968},
	publisher={Springer}
}

@article{montague1970english,
	title={English as a formal language},
	author={Montague, Richard},
	year={1970}
}

@inproceedings{frost2014demonstration,
	title={A Demonstration of a Natural Language Query Interface to an Event-Based Semantic Web Triplestore},
	author={Frost, Richard A and Donais, Jonathon and Matthews, Eric and Agboola, Wale},
	booktitle={ESWC},
	pages={343--348},
	year={2014},
	organization={Springer LNCS Volume 8798}
}

@article{frost2014denotational,
	title={A denotational semantics for natural langauge query interfaces to semantic web triplestores},
	author={Frost, Richard A and Donais, Jonathon and Matthews, E and Stewart, Rob},
	journal={Submitted for publication},
	year={2014}
}


@inproceedings{frost2013event,
	title={An Event Based Denotational Semantics for Natural Language Queries to Data Represented in Triple Stores},
	author={Frost, Richard A and Amour, Bryan St and Fortier, Randy},
	booktitle={ICSC, 2013 IEEE Seventh International Conference on Semantic Computing},
	pages={142--145},
	year={2013},
	organization={IEEE}
}


@inproceedings{frostagboola2014,
	title={An Event-Driven Approach for Querying Graph-Structured Data Using Natural Language},
	author={Frost, Richard A and Agboola, Wale and Matthews, Eric and Donais, Jonathan A},
	booktitle={EDBT/ICDT Workshops},
	volume={2014},
	pages={192--199},
	year={2014}
}

@MastersThesis{agboola2015extensible,
	author={Agboola, Wale},
	title     =     {{An extensible natural-language query interface to the DBpedia Triple-store}},
	school     =     {University of Windsor},
	year={2015},
	type={M.Sc. Thesis}
}

@misc{Solarman:2016,
	author = {Shane Peelar},
	title = {{Solarman Natural Language Interface}},
	howpublished = {\url{http://speechweb2.cs.uwindsor.ca/solarman4/demo_sparql.html}},
	year = {2020},
	note = {[Online; accessed 13-January-2020]}
}

@inproceedings{frosthafiz2008,
	title={Parser combinators for ambiguous left-recursive grammars},
	author={Frost, Richard A and Hafiz, Rahmatullah and Callaghan, Paul},
	booktitle={International Symposium on Practical Aspects of Declarative Languages},
	pages={167--181},
	year={2008},
	organization={Springer LNCS Volume 4902}
}

@inproceedings{peelar2017windsor,
	doi = {10.1145/3078155.3078184},
	url = {https://doi.org/10.1145%2F3078155.3078184},
	year = 2017,
	publisher = {{ACM} Press},
	author = {Shane Peelar and Paul Preney},
	title = {The Windsor Build and Testing Framework},
	booktitle = {Proceedings of the 5th International Workshop on {OpenCL}  - {IWOCL} 2017}
}

@inproceedings{peelar2018real,
  title={Real-Time Visualization of Bead Based Additive Manufacturing Toolpaths Using Implicit Boundary Representations},
  author={Peelar, Shane and Urbanic, Jill and Hedrick, Robert and Rueda, Luis},
  booktitle={Proceedings of CAD'18},
  pages={322-326},
  year={2018},
  organization={CAD'18}
}

@mastersthesis{baaij2009clambdaash,
  title={C$\lambda$ash: From haskell to hardware},
  author={Baaij, Christiaan},
  year={2009},
  school={University of Twente}
}

@inproceedings{peelar2018toolpath,
	doi = {10.14733/cadconfp.2018.327-331},
	url = {https://doi.org/10.14733%2Fcadconfp.2018.327-331},
	year = 2018,
	month = 7,
	publisher = {{CAD} Solutions {LLC}},
	author = {Shane Peelar and Jill Urbanic and Robert Hedrick and Luis Rueda},
	title = {Real-Time Visualization of Bead Based Additive Manufacturing Toolpaths Using Implicit Boundary Representations},
	booktitle = {Proceedings of {CAD}{\textquotesingle}18}
}

@article{peelar2019real,
	doi = {10.14733/cadaps.2019.904-922},
	url = {https://doi.org/10.14733%2Fcadaps.2019.904-922},
	year = 2019,
	month = 1,
	publisher = {{CAD} Solutions, {LLC}},
	volume = {16},
	number = {5},
	pages = {904--922},
	author = {Shane Peelar and Jill Urbanic and Robert Hedrick and Luis Rueda},
	title = {Real-Time Visualization Of Bead Based Additive Manufacturing Toolpaths using Implicit Boundary Representations},
	journal = {Computer-Aided Design and Applications}
}

@inproceedings{donais2013system,
  title={A system for the automated author attribution of text and instant messages},
  author={Donais, Jonathan A and Frost, Richard A and Peelar, Shane M and Roddy, Robert A},
  booktitle={Proceedings of the 2013 IEEE/ACM International Conference on Advances in Social Networks Analysis and Mining},
  pages={1484--1485},
  year={2013},
  organization={ACM}
}

@article{frost1992constructing,
	title={Constructing programs as executable attribute grammars},
	author={Frost, Richard A.},
	journal={The Computer Journal},
	volume={35},
	number={4},
	pages={376--389},
	year={1992},
	publisher={Br Computer Soc}
}

@book{antoniou2004semantic,
	title={A semantic web primer},
	author={Antoniou, Grigoris and Van Harmelen, Frank},
	year={2004},
	publisher={MIT press}
}

@MISC{xsaiga,
	       AUTHOR = {Hafiz, Rahmatullah and Frost, Richard and Peelar, Shane and Callaghan, Paul and Matthews, Eric},
	       TITLE = "The XSAIGA Package",
	       BOOKTITLE = {},
	       PAGES = {},
	       ORGANIZATION = "https://hackage.haskell.org/package/XSaiga",
	       MONTH = {},
	       YEAR = {2020}   }

@inproceedings{tablan2008natural,
	title={A natural language query interface to structured information},
	author={Tablan, Valentin and Damljanovic, Danica and Bontcheva, Kalina},
	booktitle={European Semantic Web Conference},
	pages={361--375},
	year={2008},
	organization={Springer}
}

@techreport{cimiano2007orakel,
	title={Orakel: A portable natural language interface to knowledge bases},
	author={Cimiano, Philipp and Haase, Peter and Heizmann, J{\"o}rg and Mantel, Matthias},
	year={2007},
	institution={Technical report, Institute AIFB, University of Karlsruhe}
}

@inproceedings{frost2007modular,
  title={Modular and efficient top-down parsing for ambiguous left-recursive grammars},
  author={Frost, Richard A and Hafiz, Rahmatullah and Callaghan, Paul C},
  booktitle={Proceedings of the 10th International Conference on Parsing Technologies},
  pages={109--120},
  year={2007},
  organization={Association for Computational Linguistics}
}

@misc{w3csemanticweb,
	author = {The World Wide Web Consortium (W3C)},
	title = {{RDF 1.1 Semantics}},
	howpublished = {\url{https://www.w3.org/TR/rdf11-mt/}},
	year = {2014},
	note = {[Online; accessed 06-September-2016]}
	}

@article{sparql,
  title={SPARQL 1.1 query language},
  author={Harris, Steve and Seaborne, Andy and Prudâ€™hommeaux, Eric},
  journal={W3C recommendation},
  volume={21},
  number={10},
  year={2013}
}

@article{world2018web,
	title={Web Speech API},
	author={W3C and others},
	journal={Retrieved from World Wide Web Consortium: https://w3c. github. io/speech-api},
	year={2018}
}

@article{timbr,
	title={Timbr.io},
	author={Timbr},
	journal={https://wiki.dbpedia.org/timbr},
	year={2020}
}

@misc{w3curi,
	author = {The World Wide Web Consortium (W3C)},
	title = {{Uniform Resource Identifier (URI): Generic Syntax}},
	howpublished = {\url{https://tools.ietf.org/html/rfc3986}},
	year = {2005},
	note = {[Online; accessed 11-November-2016]}
}

@misc{w3cntriples,
	author = {The World Wide Web Consortium (W3C)},
	title = {{RDF 1.1 N-Triples}},
	howpublished = {\url{https://www.w3.org/TR/n-triples/}},
	year = {2014},
	note = {[Online; accessed 11-November-2016]}
}

@misc{semwebanalogy,
	title={The semantic web: An introduction},
	author={Palmer, Sean},
	year={2001},
	howpublished = {\url{http://infomesh.net/2001/swintro/}},
	note = {[Online; accessed 28-November-2016]}
}

@inproceedings{serql,
	title={SeRQL: a second generation RDF query language},
	author={Broekstra, Jeen and Kampman, Arjohn},
	booktitle={Proc. SWAD-Europe Workshop on Semantic Web Storage and Retrieval},
	pages={13--14},
	year={2003}
}

@book{dowty2012introduction,
	title={Introduction to Montague semantics},
	author={Dowty, David R and Wall, Robert and Peters, Stanley},
	volume={11},
	year={2012},
	publisher={Springer Science \& Business Media}
}

@article{frost1989constructing,
	title={Constructing natural language interpreters in a lazy functional language},
	author={Frost, Richard and Launchbury, John},
	journal={The Computer Journal},
	volume={32},
	number={2},
	pages={108--121},
	year={1989},
	publisher={Br Computer Soc}
}


@article{kent2015era,
	title={The ERA of FOLE: Foundation},
	author={Kent, Robert E},
	journal={arXiv preprint arXiv:1512.07430},
	year={2015}
}


@misc{wave,
	author = {WebAIM},
	title = {{WAVE Web Accessibility Evaluation tool}},
	howpublished = {\url{http://wave.webaim.org/}},
	year = {2016},
	note = {[Online; accessed 11-November-2016]}
}

@misc{achecker,
	author = {AChecker},
	title = {{IDI Web Accessibility Checker}},
	howpublished = {\url{http://achecker.ca/checker/index.php}},
	year = {2016},
	note = {[Online; accessed 11-November-2016]}
}

@article{frost2002efficient,
	title={An efficient compositional semantics for natural-language database queries with arbitrarily-nested quantification and negation},
	author={Frost, Richard and Boulos, Pierre},
	journal={Advances in Artificial Intelligence},
	pages={252--267},
	year={2002},
	publisher={Springer}
}


@misc{graphmqslide,
	author = {Frost, Richard A},
	title = {An Event-based Approach for Querying Graph-Structured Data Using Natural Language},
	howpublished = {\url{http://cs.uwindsor.ca/~richard/semantics_presentations/talk_for_GraphQ.ppt}},
	year = {2014},
	note = {[Online; accessed 14-November-2016]}
}

@incollection{virtuoso,
	title={Virtuoso: RDF support in a native RDBMS},
	author={Erling, Orri and Mikhailov, Ivan},
	booktitle={Semantic Web Information Management},
	pages={501--519},
	year={2010},
	publisher={Springer}
}

@article{jena2013apache,
	title={Apache jena},
	author={Jena, Apache},
	journal={jena. apache. org [Online]. Available: http://jena. apache. org [Accessed: Mar. 20, 2014]},
	year={2013}
}

@article{frost2006realization,
	title={Realization of natural language interfaces using lazy functional programming},
	author={Frost, Richard A},
	journal={ACM Computing Surveys (CSUR)},
	volume={38},
	number={4},
	pages={11},
	year={2006},
	publisher={ACM}
}

@book{davidson2012semantics,
	title={Semantics of natural language},
	author={Davidson, Donald and Harman, Gilbert},
	volume={40},
	year={2012},
	publisher={Springer Science \& Business Media}
}

@article{davidson1967logical,
	title={The logical form of action sentences},
	author={Davidson, Donald},
	year={1967}
}

@inproceedings{safehaskell,
	title={Safe Haskell},
	author={Terei, David and Marlow, Simon and Peyton Jones, Simon and Mazi{\`e}res, David},
	booktitle={ACM SIGPLAN Notices},
	volume={47},
	number={12},
	pages={137--148},
	year={2012},
	organization={ACM}
}

@book{haskell,
	title={Learn You a Haskell for Great Good!: A Beginner's Guide},
	author={Lipovaca, Miran},
	year={2011},
	publisher={no starch press}
}

@article{monadlaws,
	title={Monadic parsing in Haskell},
	author={Hutton, Graham and Meijer, Erik},
	journal={Journal of functional programming},
	volume={8},
	number={04},
	pages={437--444},
	year={1998},
	publisher={Cambridge Univ Press}
}

@article{currying,
	title={A Physical Example for Teaching Curried Functions},
	author={Leavens, Gary T},
	year={1995}
}

@misc{tlmvconsensus,
	title = {Top level mutable state},
	howpublished = {\url{https://wiki.haskell.org/Top_level_mutable_state}},
	year = {2016},
	note = {[Online; accessed 28-November-2016]}
}

@misc{hstdlib,
	title = {Prelude},
	howpublished = {\url{https://hackage.haskell.org/package/base-4.9.0.0/docs/Prelude.html}},
	year = {2016},
	note = {[Online; accessed 28-November-2016]}
}

@article{gruber,
	title={Toward principles for the design of ontologies used for knowledge sharing?},
	author={Gruber, Thomas R},
	journal={International journal of human-computer studies},
	volume={43},
	number={5},
	pages={907--928},
	year={1995},
	publisher={Elsevier}
}

@book{gardenfors2004conceptual,
	title={Conceptual spaces: The geometry of thought},
	author={G{\"a}rdenfors, Peter},
	year={2004},
	publisher={MIT press}
}


@inproceedings{wu2006exploring,
	title={Exploring social annotations for the semantic web},
	author={Wu, Xian and Zhang, Lei and Yu, Yong},
	booktitle={Proceedings of the 15th international conference on World Wide Web},
	pages={417--426},
	year={2006},
	organization={ACM}
}

@inproceedings{adams2009conceptual,
	title={Conceptual Space Markup Language (CSML): Towards the Cognitive Semantic Web.},
	author={Adams, Benjamin and Raubal, Martin},
	booktitle={ICSC},
	pages={253--260},
	year={2009}
}

@book{gardenfors2014geometry,
	title={The geometry of meaning: Semantics based on conceptual spaces},
	author={G{\"a}rdenfors, Peter},
	year={2014},
	publisher={MIT Press}
}

@book{widdows2004geometry,
	title={Geometry and meaning},
	author={Widdows, Dominic and Widdows, Dominic},
	volume={773},
	year={2004},
	publisher={CSLI publications Stanford}
}

@article{zenker2015applications,
	title={Applications of Conceptual Spaces},
	author={Zenker, Frank and G{\"a}rdenfors, Peter},
	year={2015},
	publisher={Springer}
}

@incollection{jansen2013programming,
	title={Programming in the $\lambda$-calculus: From Church to Scott and back},
	author={Jansen, Jan Martin},
	booktitle={The Beauty of Functional Code},
	pages={168--180},
	year={2013},
	publisher={Springer}
}

@ARTICLE{bowman:reasoning,
	AUTHOR = "Mic Bowman and Saumya K. Debray and Larry L. Peterson",
	TITLE = "Reasoning About Naming Systems",
	JOURNAL = "ACM Trans. Program. Lang. Syst.",
	VOLUME = {15},
	NUMBER = {5},
	PAGES = {795-825},
	MONTH = "November",
	YEAR = {1993}	}

@ARTICLE{braams:babel,
	AUTHOR = "Johannes Braams",
	TITLE = "Babel, a Multi-lingual Style-Option System for Use with LaTeX's Standard Document Styles",
	JOURNAL = {TUGboat},
	VOLUME = {12},
	NUMBER = {2},
	PAGES = {291-301},
	MONTH = "June",
	YEAR = {1991}	}


@ARTICLE{herlihy:methodology,
	AUTHOR = "Maurice Herlihy",
	TITLE = "A Methodology for Implementing Highly Concurrent
	Data Objects",
	JOURNAL = {ACM Trans. Program. Lang. Syst.},
	VOLUME = {15},
	NUMBER = {5},
	PAGES = {745-770},
	MONTH = "November",
	YEAR = {1993}	}

@BOOK{Lamport:LaTeX,
	AUTHOR = "Leslie Lamport",
	TITLE = "LaTeX User's Guide and Document Reference Manual",
	PUBLISHER = "Addison-Wesley Publishing Company",
	ADDRESS = "Reading, Massachusetts",
	YEAR = "1986"	}

@BOOK{salas:calculus,
	AUTHOR = "S.L. Salas and Einar Hille",
	TITLE = "Calculus: One and Several Variable",
	PUBLISHER = "John Wiley and Sons",
	ADDRESS = "New York",
	YEAR = "1978"	}

@ARTICLE{frost:launchbury,
	AUTHOR = "R. Frost and J. Launchbury",
	TITLE = "Constructing Natural Language Processors in a Lazy Functional Language",
	JOURNAL = {The Comput. Journal},
	VOLUME = {32},
	NUMBER = {2},
	PAGES = {108-121},
	MONTH = {},
	YEAR = {1989}	}

@inproceedings{hemphill1995surfing,
  title={Surfing the Web by Voice},
  author={Hemphill, Charles T and Thrift, Philip R},
  booktitle={proc. of the third ACM int. conf. on Multimed.},
  pages={215--222},
  year={1995},
  organization={ACM}
}

@article{kifer1995logical,
  title={Logical Foundations of Object-Oriented and Frame-Based Languages},
  author={Kifer, Michael and Lausen, Georg and Wu, James},
  journal={j. of the ACM (JACM)},
  volume={42},
  number={4},
  pages={741--843},
  year={1995},
  publisher={ACM}
}

@INPROCEEDINGS{frost:fortier,
	AUTHOR = "Richard A. Frost and Randy Fortier",
	TITLE = "An Efficient Denotational Semantics for Natural Language Database Queries",
	BOOKTITLE = "proc. of nat. lang. process. and inf. syst., 12th int. conf. of appl. of nat. lang. to inf. syst., NLDB 2007",
	PAGES = "12-24",
	ORGANIZATION = "LNCS 4592",
	MONTH = {},
	YEAR = {2007}	}

@INPROCEEDINGS{frost:boulos,
	AUTHOR = "Richard A. Frost and Pierre Boulos",
	TITLE = "An Efficient Compositional Semantics for Natural-Language Database Queries with Arbitrarily-nested Quantification and Negation.",
	BOOKTITLE = "proc. of Advances in Artificial Intelliegence, the 15th conf. of the Canadian Society for Comput. stud. of intell., AI 2002",
	PAGES = "252-267",
	ORGANIZATION = "LNCS 2338",
	MONTH = {},
	YEAR = {2002}	}


@ARTICLE{frost:acm,
	AUTHOR = "Richard A. Frost",
	TITLE = "Realization of Natural Language Interfaces Using Lazy Functional Programming",
	JOURNAL = "ACM Comput. Surv.",
	VOLUME = "38",
	NUMBER = "4",
     PAGES = "1-54",
	MONTH = {},
	YEAR = {2006}	}


@BOOK{blackburn:bos,
	AUTHOR = "P. Blackburn and J. Bos",
	TITLE = "Representation and Inference in Natural Language",
	PUBLISHER = "CSLI Publications",
	ADDRESS = {},
	YEAR = "2005"	}

@BOOK{hendricks:phd,
	AUTHOR = "H. Hendricks",
	TITLE = "Studied Flexibility: Catgeories and Types in Syntax and Semantics",
	PUBLISHER = "Doctoral Dissertation",
	ADDRESS = "Universiteit van Amsterdam",
	YEAR = "1993"	}

@book{manber1989introduction,
  title={Introduction to Algorithms: A Creative Approach},
  author={Manber, Udi},
  year={1989},
  publisher={Addison-Wesley Longman Publishing Co., Inc.}
}

@ARTICLE{main:benson,
	AUTHOR = "M. G. Main and D.B. Benson",
	TITLE = "Denotational Semantics for a Natural Language Question Answering Program",
	JOURNAL = {Comput. linguist.},
	VOLUME = {9},
	NUMBER = {1},
	PAGES = {11-21},
	MONTH = {},
	YEAR = {1983}	}

@BOOK{Dowty:wall,
	AUTHOR = "D.R. Dowty and R.E. Wall and S. Peters",
	TITLE = "Introduction to Montague Semantics",
	PUBLISHER = "D. Reidel Publishing Company",
	ADDRESS = "Dordrecht, Boston, Lancaster, Tokyo",
	YEAR = "1981"	}


@INPROCEEDINGS{frost:wage,
	AUTHOR = "R. A. Frost",
	TITLE = "WAGE - The Windsor Attribute Grammar Programming Environment",
	BOOKTITLE = "proc. of EEE/CS Intl.  symp. on Human-Centric Comput. lang. and env., HCC 200)",
	PAGES = "96-98",
	ORGANIZATION = {},
	MONTH = "Sept",
	YEAR = {2002}	}


@ARTICLE{kaufmann:2009,
	AUTHOR = "E. Kaufmann and A. Bernstein",
	AUTHOR = "E. Kaufmann and A. Bernstein",
	TITLE = "Evaluating the Usibility of Natural Language Query Languages and Interfaces to Semantic Web Knowledge Bases",
	JOURNAL = "Web semant. -  sci., serv. and Agents on the World Wide Web",
	VOLUME = "8",
	NUMBER = "4",
     PAGES = "377-393",
	MONTH = "Nov",
	YEAR = {2009}	}

@inproceedings{zadrozny1992compositional,
  title={On compositional semantics},
  author={Zadrozny, Wlodek},
  booktitle={Proceedings of the 14th conference on Computational linguistics-Volume 1},
  pages={260--266},
  year={1992},
  organization={Association for Computational Linguistics}
}

@book{keenan2012boolean,
	title={Boolean semantics for natural language},
	author={Keenan, Edward L and Faltz, Leonard M},
	volume={23},
	year={2012},
	publisher={Springer Science \& Business Media}
}

@article{keenan1985boolean,
	title={Boolean semantics for natural language},
	author={Keenan, Edward L and Faltz, Leonard M},
	year={1985},
	journal={Dordrecht, Holland: D Reidel.}
}


@article{zadrozny1994compositional,
  title={From compositional to systematic semantics},
  author={Zadrozny, Wlodek},
  journal={Linguistics and philosophy},
  volume={17},
  number={4},
  pages={329--342},
  year={1994},
  publisher={Springer}
}


@book{de2001concurrency,
  title={Concurrency Verification: Introduction to Compositional and Non-compositional Methods},
  author={De Roever, W-P and de Boer, Frank and Hanneman, Ulrich and Hooman, Jozef and Lakhnech, Yassine and Poel, Mannes and Zwiers, Job},
  volume={54},
  year={2001},
  publisher={Cambridge University Press}
}

@article{gayral2005challenging,
  title={Challenging the principle of compositionality in interpreting natural language texts},
  author={Gayral, Fran{\c{c}}oise and Kayser, Daniel and L{\'e}vy, Fran{\c{c}}ois},
  journal={The Compositionality of Meaning and Content},
  volume={2},
  pages={83--106},
  year={2005},
  publisher={ontos verlag}
}


@article{champollion2015interaction,
	title={The interaction of compositional semantics and event semantics},
	author={Champollion, Lucas},
	journal={Linguistics and Philosophy},
	volume={38},
	number={1},
	pages={31--66},
	year={2015},
	publisher={Springer}
}

@article{champollion2011,
	title={Quantification and negation in event semantics},
	author={Champollion, Lucas},
	year={2011},
	publisher={New Prairie Press}
}

@book{rothstein2008structuring,
	title={Structuring events: A study in the semantics of aspect},
	author={Rothstein, Susan},
	volume={5},
	year={2008},
	publisher={John Wiley \& Sons}
}


@INPROCEEDINGS{ferre:squall,
	AUTHOR = {S. Ferre},
	TITLE = {SQUALL: A Controlled Natural Language for Querying and Updating RDF Graphs},
	BOOKTITLE = {proc. of CNL 2012},
	PAGES = {11-25},
	ORGANIZATION = {LNCS 7427},
	MONTH = {},
	YEAR = {2012}
}

@inproceedings{ferre2013squall,
	title={SQUALL: a controlled natural language as expressive as SPARQL 1.1},
	author={Ferr{\'e}, S{\'e}bastien},
	booktitle={International Conference on Application of Natural Language to Information Systems},
	pages={114--125},
	year={2013},
	organization={Springer}
}

@article{ferre2014squall,
  title={SQUALL: The expressiveness of SPARQL 1.1 made available as a controlled natural language},
  author={Ferr{\'e}, S{\'e}bastien},
  journal={Data \& Knowledge Engineering},
  volume={94},
  pages={163--188},
  year={2014},
  publisher={Elsevier}
}

@inproceedings{ahn2005question,
	title={Question Answering with QED at TREC 2005.},
	author={Ahn, Kisuh and Bos, Johan and Kor, David and Nissim, Malvina and Webber, Bonnie L and Curran, James R},
	booktitle={TREC},
	year={2005}
}

@article{blackburn2005representation,
	title={Representation and inference for natural language},
	author={Blackburn, Patrick and Bos, Johan},
	journal={A first course in computational semantics. CSLI},
	year={2005}
}

@book{van2010computational,
	title={Computational semantics with functional programming},
	author={Van Eijck, Jan and Unger, Christina},
	year={2010},
	publisher={Cambridge University Press}
}


@book{lipovaca2011learn,
	title={Learn you a haskell for great good!: a beginner's guide},
	author={Lipovaca, Miran},
	year={2011},
	publisher={no starch press}
}



@INPROCEEDINGS{damova:dannelles,
	AUTHOR = "M. Damova and D. Dannelles and R. Enache and M. Mateva and A. Ranta",
	TITLE = "Natural Language Interaction with Semantic Web Knowledge Bases and LOD",
	BOOKTITLE = "Towards the multiling. Semantic Web",
	PAGES = {},
	ORGANIZATION = "Springer",
	MONTH = {},
	YEAR = {2013}	}

@article{marcos2013ontology,
  title={The Ontology of Vaccine Adverse Events (OVAE) and its usage in representing and analyzing adverse events associated with US-licensed human vaccines.},
  author={Marcos, Erica and Zhao, Bin and He, Yongqun},
  journal={J. biomed. semant.},
  volume={4},
  pages={40},
  year={2013}
}

@INPROCEEDINGS{bernstein:2005,
	AUTHOR = "A. Bernstein and E. Kaufmann and C. Kaiser",
	TITLE = "Querying the Semantic Web with Ginseng: A Guided Input Natural Language Search Engine",
	BOOKTITLE = "proc. of the 15th Workshop on inf. technol. and syst. (WITS 2005)",
	PAGES = "45-50",
	ORGANIZATION = {},
	MONTH = {},
	YEAR = {2005}	}

@inproceedings{partee2005formal,
  title={Formal Semantics},
  author={Partee, Barbara H},
  booktitle={Lectures at a workshop in Moscow. http://people. umass. edu/partee/RGGU\_2005/RGGU05\_formal\_semantics. htm},
  year={2005}
}

@INPROCEEDINGS{mandreoli:martoglia,
	AUTHOR = "F. Mandreoli and R. Martoglia and W. Penzo and G. Villani ",
	TITLE = "Flexible Query Answering on Graph-modeled Data ",
	BOOKTITLE = "proc. of the 12th int. conf. on Extending Database technol.",
	PAGES = "216-227",
	ORGANIZATION = "EDBT",
	MONTH = "March",
	YEAR = {2009}	}

@INPROCEEDINGS{ran:lencevicius,
	AUTHOR = "A. Ran and R. Lencevicius",
	TITLE = "Natural Language Query System for RDF Repositories",
	BOOKTITLE = "proc. of the 7th int. symp. on nat. lang. Process.",
	PAGES = "1-6",
	ORGANIZATION = "SNLP",
	MONTH = {},
	YEAR = {2007}	}

@inproceedings{kaufmann2007nlp,
  title={NLP-Reduce: A ``Na{\i}ve'' But Domain-independent Natural Language Interface for Querying Ontologies},
  author={Kaufmann, Esther and Bernstein, Abraham and Fischer, Lorenz},
BOOKTITLE = "proc. of the Extended Semantic Web conf. ESWC",
  year={2007},
  organization={ESWC Zurich}
}

@INPROCEEDINGS{yahya:berberich,
	AUTHOR = "Mohamed Yahya and Klaus Berberich and Shady Elbassuoni and Maya Ramanath and Volker Tresp and and Gerhard Weikum",
	TITLE = "Natural Language Questions for the Web of Data",
	BOOKTITLE = "The 2012 jt. conf. on empir. Methods in nat. lang. Process. and Comput. nat. lang. Learning",
	PAGES = "379-390",
	ORGANIZATION = "ACL",
	MONTH = "July",
	YEAR = {2012}	}

@INPROCEEDINGS{kaufmann:2006,
	AUTHOR = "Esther Kaufmann and Abraham Bernstein and Renato Zumstein",
	TITLE = "Querix: A Natural Language Interface to Query Ontologies Based on Clarification Dialogs
",
	BOOKTITLE = "proc. of the 5th int. Semantic Web conf.",
	PAGES = {},
	ORGANIZATION = {},
	MONTH = "Nov",
	YEAR = {2006}	}

@BOOK{nicholson:phd,
	AUTHOR = "N.Nicholson  ",
	TITLE = "The Design of a User-interface to a Deductive Database: a Sentence Based Approach",
	PUBLISHER = "PhD thesis Dept. of Computer Science - Birkbeck College",
	ADDRESS = "University of London",
	YEAR = "1988"	}

@ARTICLE{todd:ibm,
	AUTHOR = "S. Todd",
	TITLE = "An Interface From Prolog to a Binary Relational Database",
	JOURNAL = "Prolog and databases - implementations and new directions",
	VOLUME = {},
	NUMBER = {},
     PAGES = "108-117",
	MONTH = {},
	YEAR = {1989}	}


@ARTICLE{mariani:lougher,
	AUTHOR = "J. A. Mariani and R. Lougher",
	TITLE = "TripleSpace An experiment in 3D Graphical Interface to a Binary-relational Database",
	JOURNAL = "interact. with Comput. ",
	VOLUME = "4",
	NUMBER = {},
     PAGES = "147-162",
	MONTH = {},
	YEAR = {1992}	}

@INPROCEEDINGS{memon:larson,
	AUTHOR = "N. Memon and H.L. Larson",
	TITLE = "Investigative Data Mining Toolkit: a software prototype for visualizing, analyzing and destabilizing terrorist networks",
	BOOKTITLE = "proc. vis. netw. inf., RTO-MP-IST ",
     PAGES = "1-24",
     ORGANIZATION = {},
	MONTH = {},
	YEAR = {2006}	}

@INPROCEEDINGS{smith:king,
	AUTHOR = "Smith and King ",
	TITLE = "Incrementally Visualizing Criminal Networks",
	BOOKTITLE = "proc. of the Sixth int. conf. on inf. vis.",
	PAGES = {},
	ORGANIZATION = {},
	MONTH = {},
	YEAR = {2002}	}

@BOOK{clifford:abramsky,
	AUTHOR = "J. Clifford and S. Abramsky and C.J. van Rijsbergen",
	TITLE = "Formal Semantics and Pragmatics for Natural Language Querying.  Cambridge Tracts in Theoretical Computer Science 8",
	PUBLISHER = "Cambridge University Press",
	ADDRESS = "Cambridge",
	YEAR = "1990"	}

@incollection{ridge2011simple,
  title={Simple, Functional, Sound and Complete Parsing for All Context-free Grammars},
  author={Ridge, Tom},
  booktitle={certif. Programs and Proofs},
  pages={103--118},
  year={2011},
  publisher={Springer}
}

@inproceedings{sharef2012semantic,
  title={Semantic Search Processing in Natural Language Interface},
  author={Sharef, Nurfadhlina Mohd and Noah, SAM},
  booktitle={Comput. and converg. technol. (ICCCT), 2012 7th int. conf. on},
  pages={1436--1442},
  year={2012},
  organization={IEEE}
}

@INPROCEEDINGS{frost:icsc,
AUTHOR = "Richard A. Frost and Bryan St. Amour and Randy Fortier",
	TITLE = "An Event Based Denotational Semantics for Natural Language Queries to Data Represented in Triple Stores",
	BOOKTITLE = "proc. of ICSC 2013",
	PAGES = "142-145",
	ORGANIZATION = "IEEE",
	MONTH = "Sept.",
	YEAR = {2013}	}

@incollection{frost2008parser,
  title={Parser Combinators for Ambiguous Left-Recursive Grammars},
  author={Frost, Richard A and Hafiz, Rahmatullah and Callaghan, Paul},
  booktitle={proc. of the 10th int. symp. on Practical Aspects of Declarative Lang. (PADL)},
  pages={167--181},
  year={2008},
  publisher={Springer}
}

@INPROCEEDINGS{hafiz:frost,
	AUTHOR = "R. Hafiz and R. Frost",
	TITLE = "Lazy Combinators for Executable
      Specifications of General Attribute Grammars",
	BOOKTITLE = "proc. of the 12th int. symp. on Practical Aspects of Declarative lang. (PADL)",
	PAGES = "167-182",
	ORGANIZATION = "ACM-SIGPLAN",
	MONTH = "Jan.",
	YEAR = {2010}	}

@article{hafiz2011executable,
  title={Executable Attribute Grammars for Modular and Efficient Natural Language Processing},
  author={Hafiz, Rahmatullah},
  year={2011}
}

@INPROCEEDINGS{hsparql,
	AUTHOR = {Jeff Wheeler},
	TITLE = "The hsparql Package",
	BOOKTITLE = {The Haskell Hackage Repository},
	PAGES = {},
	ORGANIZATION = "http://hackage.haskell.org/package/hsparql-0.1.2",
	MONTH = {},
	YEAR = {2009}	}

@INPROCEEDINGS{rdf:4h,
	AUTHOR = {},
	TITLE = "rdf4h",
	BOOKTITLE = {},
	PAGES = {},
	ORGANIZATION = "http://hackage.haskell.org/package/rdf4h",
	MONTH = {},
	YEAR = {}	}

@INPROCEEDINGS{frost:agboola,
	AUTHOR = {Richard A. Frost and Wale Agboola and Eric Matthews},
	TITLE = {Querying Graph-structured Data Using Natural Language},
	BOOKTITLE = {proc. GraphQ Workshop EDBT/ICDT  2104},
	PAGES = "192-199",
	ORGANIZATION = {},
	MONTH = {},
	YEAR = {2014}	}

@INPROCEEDINGS{frost:eswcposter2014,
	AUTHOR = {Richard A. Frost and Jonathon Donais and Eric Matthews and Wale Agboola and Rob Stewart},
	TITLE = {A Denotational Semantics for Natural Language Query Interfaces to Semantic Web Triplestores},
	BOOKTITLE = {poster paper in proc. of ESWC  2104},
	PAGES = {},
	ORGANIZATION = {},
	MONTH = {},
	YEAR = {2014}	}

@inproceedings{embregts:milea,
  title={Metafrastes: A News Ontology-Based Information Querying Using Natural Language Processing},
  author={Embregts, Hanno and Milea, Viorel and Frasincar, Flavius},
  booktitle={The 8th int. conf. on Knowledge Management in organ.},
  pages={313--324},
  year={2014},
  organization={Springer}
}

@inproceedings{verborgh2014web,
	title={Web-Scale Querying through Linked Data Fragments.},
	author={Verborgh, Ruben and Vander Sande, Miel and Colpaert, Pieter and Coppens, Sam and Mannens, Erik and Van de Walle, Rik},
	booktitle={LDOW},
	year={2014},
	organization={Citeseer}
}

@article{dazari2014bridging,
	author    = {Fariz Darari and
	Simon Razniewski and
	Werner Nutt},
	title     = {Bridging the Semantic Gap between {RDF} and {SPARQL} using Completeness
	Statements [Extended Version]},
	journal   = {CoRR},
	volume    = {abs/1408.6395},
	year      = {2014},
	url       = {http://arxiv.org/abs/1408.6395},
	archivePrefix = {arXiv},
	eprint    = {1408.6395},
	timestamp = {Mon, 13 Aug 2018 16:47:46 +0200},
	biburl    = {https://dblp.org/rec/journals/corr/DarariRN14.bib},
	bibsource = {dblp computer science bibliography, https://dblp.org}
}

@inproceedings{bernard2018negative,
	title={Negative events in compositional semantics},
	author={Bernard, Timoth{\'e}e and Champollion, Lucas},
	booktitle={Semantics and Linguistic Theory},
	volume={28},
	pages={512--532},
	year={2018}
}


@inproceedings{hakimov:tunc,
  title={Semantic Question Answering System Over Linked Data Using Relational Patterns},
  author={Hakimov, Sherzod and Tunc, Hakan and Akimaliev, Marlen and Dogdu, Erdogan},
  booktitle={Proc. of the jt. EDBT/ICDT 2013 Workshops},
  pages={83--88},
  year={2013},
  organization={ACM}
}
@inproceedings{walter:unger,
  title={Evaluation of a Layered Approach to Question Answering Over Linked Data},
  author={Sebastian Walter and Christina Unger and Philipp Cimiano and Daniel B{\"a}r},
  booktitle={The Semantic Web--ISWC 2012},
  pages={362--374},
  year={2012},
  publisher={Springer}
}

@INPROCEEDINGS{unger:cimiano,
	AUTHOR = "Christina Unger and Philip Cimiano",
	TITLE = "Pythia: Compositional Meaning Construction for Ontology-based Question Answering on the Semantic Web.",
	BOOKTITLE = "NLDB 2011, LNCS 6716",
	PAGES = "153-160",
	ORGANIZATION = {},
	MONTH = {},
	YEAR = {2011}	}

@inproceedings{cimiano:haase,
  title={Porting Natural Language Interfaces Between Domains: an Experimental User Study With the ORAKEL System},
  author={Philipp Cimiano and Peter Haase and Jorg Heizmann},
  booktitle={Proc. 12th Intnl. Conf. on intell. User Interfaces},
  pages={180--189},
  year={2007},
  organization={ACM}
}
@article{cimiano:2008,
  title={Towards Portable Natural Language Interfaces to Knowledge Bases--The Case of the ORAKEL System},
  author={Philip Cimiano and Peter Haase and J{\"o}rg Heizmann and Matthias Mantel and Rudi Studer},
  journal={Data \& Knowledge Engineering},
  volume={65},
  number={2},
  pages={325--354},
  year={2008},
  publisher={Elsevier}
}

@article{lopez:aqualog,
  title={AquaLog: An Ontology-driven Question Answering System for Organizational Semantic Intranets},
  author={Lopez, Vanessa and Uren, Victoria and Motta, Enrico and Pasin, Michele},
  journal={Web semant.: sci., serv. and Agents on the World Wide Web},
  volume={5},
  number={2},
  pages={72--105},
  year={2007},
  publisher={Elsevier}
}

@inproceedings{cimiano:minock,
  title={Natural Language Interfaces: what is the problem?--a data-driven quantitative analysis},
  author={Philipp Cimiano and Michael Minock},
  booktitle={nat. lang. Process. and inf. syst.},
  pages={192--206},
  year={2010},
  publisher={Springer}
}
@article{cimiano:reyle,
  title={Talking About Trees, Scope and Concepts},
  author={Philipp Cimiano and Uwe Reyle},
  year={2005},
  journal = {}
}

@INPROCEEDINGS{frost:donais,
	AUTHOR = "Richard A. Frost and Jonathon Donais and Eric Matthews and Rob Stewart",
	TITLE = "A Denotational Semantics For Natural Langauge Query Interfaces to Semantic Web Triplestores",
	BOOKTITLE = "submitt. for publ.",
	PAGES = {},
	ORGANIZATION = {},
	MONTH = {},
	YEAR = {2014}	}

@article{frost1982binary,
  title={Binary-relational Storage Structures},
  author={Frost, Richard A.},
  journal={The Comput. j.},
  volume={25},
  number={3},
  pages={358--367},
  year={1982},
  publisher={Br Computer Soc}
}

@inproceedings{lopez:pasin,
  title={Aqualog: An Ontology-portable Question Answering System for the Semantic Web},
  author={Vanessa Lopez and Michele Pasin and Enrico Motta},
  booktitle={The Semantic Web: Research and appl.},
  pages={546--562},
  year={2005},
  publisher={Springer}
}

@inproceedings{carroll2005named,
  title={Named Graphs, Provenance and Trust},
  author={Carroll, Jeremy J and Bizer, Christian and Hayes, Pat and Stickler, Patrick},
  booktitle={proc. of the 14th int. conf. on World Wide Web},
  pages={613--622},
  year={2005},
  organization={ACM}
}

@incollection{damljanovic:2009,
  title={Towards Enhanced Usability of Natural Language Interfaces to Knowledge Bases},
  author={Damljanovi{\'c}, Danica and Bontcheva, Kalina},
  booktitle={Web 2.0 \& Semantic Web},
  pages={105--133},
  year={2009},
  publisher={Springer}
}

@inproceedings{champollion2010quantification,
  title={Quantification in Event Semantics},
  author={Champollion, Lucas},
  booktitle={Talk given at the 6th int. symp. of cogn., Logic and commun.},
  year={2010}
}

@inproceedings{freitas:2013,
  title={Answering Natural Language Queries Over Linked Data Graphs: a distributional semantics approach},
  author={Freitas, Andr{\'e} and de Faria, Fabr{\'\i}cio F and O'Riain, Se{\'a}n and Curry, Edward},
  booktitle={proc. of the 36th int. ACM SIGIR conf. on Research and dev. in inf. retr.},
  pages={1107--1108},
  year={2013},
  organization={ACM}
}

@inproceedings{damljanovic:2012,
  title={FREyA: An Interactive Way of Querying Linked Data Using Natural Language},
  author={Damljanovic, Danica and Agatonovic, Milan and Cunningham, Hamish},
  booktitle={The Semantic Web: ESWC 2011 Workshops},
  pages={125--138},
  year={2012},
  organization={Springer}
}

@article{lopez:2012,
  title={PowerAqua: Supporting Users in Querying and Exploring the Semantic Web},
  author={Lopez, Vanessa and Fern{\'a}ndez, Miriam and Motta, Enrico and Stieler, Nico},
  journal={Semantic Web},
  volume={3},
  number={3},
  pages={249--265},
  year={2012},
  publisher={IOS Press}
}

@article{dima2013intui2,
  title={Intui2: A prototype System for Question Answering Over Linked Data},
  author={Dima, Corina},
  journal={proc. of the Question Answering over Linked Data lab (QALD-3) at CLEF},
  year={2013}
}
@article{pradeldemo,
  title={Demo: Swip, a Semantic Web Interface Using Patterns},
  author={Pradel, Camille and Haemmerl{\'e}, Ollivier and Hernandez, Nathalie}
}
@article{hecasia,
  title={CASIA@ QALD-3: A Question Answering System Over Linked Data},
  author={He, Shizhu and Liu, Shulin and Chen, Yubo and Zhou, Guangyou and Liu, Kang and Zhao, Jun}
}

@article{lopez2012poweraqua,
  title={PowerAqua: Supporting Users in Querying and Exploring the Semantic Web},
  author={Lopez, Vanessa and Fern{\'a}ndez, Miriam and Motta, Enrico and Stieler, Nico},
  journal={Semantic Web},
  volume={3},
  number={3},
  pages={249--265},
  year={2012},
  publisher={IOS Press}
}

@article{aggarwal2012system,
  title={A system Description of Natural Language Query Over dbpedia},
  author={Aggarwal, Nitish and Buitelaar, Paul},
  journal={proc. of interact. with Linked Data (ILD 2012)[37]},
  pages={96--99},
  year={2012}
}

@article{cabrio2012qakis,
  title={Qakis@ qald-2},
  author={Cabrio, Elena and Aprosio, A Palmero and Cojan, Julien and Magnini, Bernardo and Gandon, Fabien and Lavelli, Alberto},
  journal={proc. of interact. with Linked Data (ILD 2012)[37]},
  pages={87--95},
  year={2012}
}

@inproceedings{bernstein2004talking,
  title={Talking to the Semantic Web-a controlled english query interface for ontologies},
  author={Bernstein, Abraham and Kaufmann, Esther and Fuchs, Norbert E and von Bonin, June},
  booktitle={14th Workshop on inf. technol. and syst.},
  pages={212--217},
  year={2004}
}

@book{hirst1992semantic,
	title={Semantic interpretation and the resolution of ambiguity},
	author={Hirst, Graeme},
	year={1992},
	publisher={Cambridge University Press}
}


@incollection{wang2007panto,
  title={Panto: A portable Natural Language Interface to Ontologies},
  author={Wang, Chong and Xiong, Miao and Zhou, Qi and Yu, Yong},
  booktitle={The Semantic Web: Research and appl.},
  pages={473--487},
  year={2007},
  publisher={Springer}
}
@inproceedings{lassen2006ontology,
  title={An Ontology-based View on Prepositional Senses},
  author={Lassen, Tine},
  booktitle={proc. of the Third ACL-SIGSEM Workshop on Prepositions},
  pages={45--50},
  year={2006},
  organization={Association for Computational linguist.}
}

@article{feigenbaum2007semantic,
  title={The Semantic Web in Action},
  author={Feigenbaum, Lee and Herman, Ivan and Hongsermeier, Tonya and Neumann, Eric and Stephens, Susie},
  journal={sci. American},
  volume={297},
  number={6},
  pages={90--97},
  year={2007},
  publisher={Nature Publishing Group}
}

@inproceedings{freitas2011treo,
  title={Treo: combining entity-search, spreading activation and semantic relatedness for querying linked data},
  author={Freitas, Andr{\'e} and Oliveira, Joao Gabriel and Curry, Edward and O'Riain, Se{\'a}n and da Silva, Joao Carlos Pereira},
  booktitle={Proc. of 1st Workshop on Question Answering over Linked Data (QALD-1) at the 8th ext. Semantic Web conf. (ESWC 2011)},
  year={2011}
}

@incollection{lehmann2011autosparql,
	  title={AutoSPARQL: Let users query your knowledge base},
	  author={Lehmann, Jens and B{\"u}hmann, Lorenz},
	  booktitle={The Semantic Web: Research and appl.},
	  pages={63--79},
	  year={2011},
	  publisher={Springer}
	}

@incollection{freitas2011querying,
  title={Querying Linked Data Using Semantic Relatedness: a vocabulary independent approach},
  author={Freitas, Andr{\'e} and Oliveira, Joao Gabriel and O'Riain, Se{\'a}n and Curry, Edward and Da Silva, Jo{\~a}o Carlos Pereira},
  booktitle={nat. lang. Process. and inf. syst.},
  pages={40--51},
  year={2011},
  publisher={Springer}
}

@inproceedings{unger2012template,
  title={Template-based Question Answering Over RDF Data},
  author={Unger, Christina and B{\"u}hmann, Lorenz and Lehmann, Jens and Ngonga Ngomo, Axel-Cyrille and Gerber, Daniel and Cimiano, Philipp},
  booktitle={proc. of the 21st int. conf. on World Wide Web},
  pages={639--648},
  year={2012},
  organization={ACM}
}

@article{wendt2012linguistic,
  title={Linguistic Modeling of Linked Open Data for Question Answering},
  author={Wendt, Matthias and Gerlach, Martin and D{\"u}wiger, Holger},
  journal={proc. of interact. with Linked Data (ILD 2012)[37]},
  pages={75--86},
  year={2012}
}

@article{hoffart2013yago2,
  title={YAGO2: A spatially and Temporally Enhanced Knowledge Base from Wikipedia},
  author={Hoffart, Johannes and Suchanek, Fabian M and Berberich, Klaus and Weikum, Gerhard},
  journal={Artificial intell.},
  volume={194},
  pages={28--61},
  year={2013},
  publisher={Elsevier}
}

@incollection{hoffner2013user,
  title={User Interface for a Template Based Question Answering System},
  author={H{\"o}ffner, Konrad and Unger, Christina and B{\"u}hmann, Lorenz and Lehmann, Jens and Ngomo, Axel-Cyrille Ngonga and Gerber, Daniel and Cimiano, Phillip},
  booktitle={Knowledge Engineering and the Semantic Web},
  pages={258--264},
  year={2013},
  publisher={Springer}
}

@article{machado2013semantic,
  title={The Semantic Web in Translational Medicine: current applications and future directions},
  author={Machado, Catia M and Rebholz-Schuhmann, Dietrich and Freitas, Ana T and Couto, Francisco M},
  journal={brief. in bioinform.},
  pages={bbt079},
  year={2013},
  publisher={Oxford Univ Press}
}

@phdthesis{landman1996plurality,
	title={Plurality. Handbook of Contemporary Semantics},
	author={Landman, Fred},
	year={1996},
	school={ed. S. Lappin, 425- 457. Blackwell: Oxford}
}


@inproceedings{kontokostas2014test,
  title={Test-driven Evaluation of Linked Data Quality},
  author={Kontokostas, Dimitris and Westphal, Patrick and Auer, S{\"o}ren and Hellmann, Sebastian and Lehmann, Jens and Cornelissen, Roland and Zaveri, Amrapali},
  booktitle={proc. of the 23rd int. conf. on World Wide Web},
  pages={747--758},
  year={2014},
  organization={International World Wide Web Conferences Steering Committee}
}

@article{lopez2011question,
  title={Is Question Answering Fit for the Semantic Web?: a survey},
  author={Lopez, Vanessa and Uren, Victoria and Sabou, Marta and Motta, Enrico},
  journal={Semantic Web},
  volume={2},
  number={2},
  pages={125--155},
  year={2011},
  publisher={IOS Press}
}

@inproceedings{ash1968tramp,
  title={Tramp: An Interpretive Associative Processor with Deductive Capabilities},
  author={Ash, William L and Sibley, Edgar H},
  booktitle={proc. of the 23rd ACM national conf.},
  pages={143--156},
  year={1968},
  organization={ACM}
}

@article{feldman1969algol,
  title={An Algol-based Associative Language},
  author={Feldman, Jerome A and Rovner, Paul D},
  journal={CACM},
  volume={12},
  number={8},
  pages={439--449},
  year={1969},
  publisher={ACM}
}

@inproceedings{titman1974experimental,
  title={An Experimental Database System Using Binary Relations in Data Base Management},
  author={Titman, P},
  booktitle={Proc. of the IFIPTC-2 Working Conf., Cargese, Corsica, ed. by Klimbie},
  pages={351--361},
  year={1974}
}

@inproceedings{peelar2020compositional,
	author    = {Shane M. Peelar and
	Richard A. Frost},
	title     = {A Compositional Semantics for a Wide-Coverage Natural-Language Query
	Interface to a Semantic Web Triplestore},
	booktitle = {{IEEE} 14th International Conference on Semantic Computing, {ICSC}
	2020, San Diego, CA, USA, February 3-5, 2020},
	pages     = {257--262},
	publisher = {{IEEE}},
	year      = {2020},
	url       = {https://doi.org/10.1109/ICSC.2020.00054},
	doi       = {10.1109/ICSC.2020.00054},
	timestamp = {Sat, 21 Mar 2020 18:03:49 +0100},
	biburl    = {https://dblp.org/rec/conf/semco/PeelarF20.bib},
	bibsource = {dblp computer science bibliography, https://dblp.org}
}

@article{levien1967computer,
  title={A Computer System for Inference Execution and Data Retrieval},
  author={Levien, Roger Eli and Maron, ME},
  journal={Communications of the ACM},
  volume={10},
  number={11},
  pages={715--721},
  year={1967},
  publisher={ACM}
}


@BOOK{w3c,
	AUTHOR = {World Wide Web Consortium},
	TITLE = {Resource Description Framework (RDF) Model and Syntax Specification},
	PUBLISHER = {},
	ADDRESS = {http://www.w3.org/TR/PR-rdf-syntax/},
	YEAR = {}	}


@INPROCEEDINGS{ayres2004database,
	AUTHOR = {Ayres, Robert and Harris, Ross D and Lee, Graham and Smith, Steve J},
	TITLE = {Database Issues for Intelligence Analysis},
	BOOKTITLE = {Proceedings Paper RTO SCI Symposium on
Systems, Concepts and Integration (SCI) Methods and Technologies
Defence Against Terrorism, held in London, United Kingdom},
	PAGES = {25-27},
	ORGANIZATION = {},
	MONTH = {October},
	YEAR = {2004}	}

@article{berners2001semantic,
  title={The Semantic Web},
  author={Berners-Lee, Tim and Hendler, James and Lassila, Ora and others},
  journal={Scientific american},
  volume={284},
  number={5},
  pages={28--37},
  year={2001},
  publisher={New York, NY, USA:}}

@inproceedings{dbpedia,
	       author = {Auer, S\"{o}ren and Bizer, Christian and Kobilarov, Georgi and Lehmann, Jens and Cyganiak, Richard and Ives, Zachary},
	       title = {DBpedia: A Nucleus for a Web of Open Data},
	       booktitle = {Proceedings of the 6th International The Semantic Web and 2Nd Asian Conference on Asian Semantic Web Conference},
	       series = {ISWC'07/ASWC'07},
	       year = {2007},
	       isbn = {3-540-76297-3, 978-3-540-76297-3},
	       location = {Busan, Korea},
	       pages = {722--735},
	       numpages = {14},
	       url = {http://dl.acm.org/citation.cfm?id=1785162.1785216},
	       acmid = {1785216},
	       publisher = {Springer-Verlag},
	       address = {Berlin, Heidelberg},
	    }

@inproceedings{peelar2020webistjournal,
	author    = {Shane Peelar and Richard A. Frost},
	title     = {A New Approach for Processing Natural-Language Queries to Semantic Web Triplestores},
	booktitle = {15th International Conference on Web Information
	Systems and Technologies, {WEBIST} 2019, Vienna, Austria, September
	18-20, 2019, Revised Selected
Papers},
	series    = {Lecture Notes in Business Information Processing},
	publisher = {Springer},
	year      = {2020}
}

@BOOK{bio2rdf,
	AUTHOR = {BIO2RDF},
	TITLE = {http://bio2rdf.org},
	PUBLISHER = {},
	ADDRESS = {},
	YEAR = {}	}

@book{tomita2013efficient,
	title={Efficient parsing for natural language: a fast algorithm for practical systems},
	author={Tomita, Masaru},
	volume={8},
	year={2013},
	publisher={Springer Science \& Business Media}
}

@book{parsons1990events,
  title={Events in the Semantics of English},
  author={Parsons, Terence},
  volume={5},
  year={1990},
  publisher={Cambridge, Ma: MIT Press}
}

@inproceedings{frostpeelar2019,
	author    = {Richard A. Frost and
	Shane M. Peelar},
	title     = {A New Data Structure for Processing Natural Language Database Queries},
	booktitle = {Proceedings of the 15th International Conference on Web Information
	Systems and Technologies, {WEBIST} 2019, Vienna, Austria, September
	18-20, 2019},
	pages     = {80--87},
	year      = {2019},
	url       = {https://doi.org/10.5220/0008124300800087},
	doi       = {10.5220/0008124300800087},
	timestamp = {Thu, 17 Oct 2019 12:53:37 +0200},
	biburl    = {https://dblp.org/rec/bib/conf/webist/FrostP19},
	bibsource = {dblp computer science bibliography, https://dblp.org}
}

@article{tomita1987,
	author    = {Masaru Tomita},
	title     = {An Efficient Augmented-Context-Free Parsing Algorithm},
	journal   = {Computational Linguistics},
	volume    = {13},
	number    = {1-2},
	pages     = {31--46},
	year      = {1987},
	timestamp = {Mon, 30 Aug 2004 14:14:50 +0200},
	biburl    = {https://dblp.org/rec/bib/journals/coling/Tomita87},
	bibsource = {dblp computer science bibliography, https://dblp.org}
}

@book{tomita1985,
	author = {Tomita, Masaru},
	title = {Efficient Parsing for Natural Language: A Fast Algorithm for Practical Systems},
	year = {1985},
	isbn = {0898382025},
	publisher = {Kluwer Academic Publishers},
	address = {USA}
}

@article{earley1970,
	author    = {Jay Earley},
	title     = {An Efficient Context-Free Parsing Algorithm},
	journal   = {Commun. {ACM}},
	volume    = {13},
	number    = {2},
	pages     = {94--102},
	year      = {1970},
	url       = {https://doi.org/10.1145/362007.362035},
	doi       = {10.1145/362007.362035},
	timestamp = {Wed, 14 Nov 2018 10:22:30 +0100},
	biburl    = {https://dblp.org/rec/bib/journals/cacm/Earley70},
	bibsource = {dblp computer science bibliography, https://dblp.org}
}

@inproceedings{qald9,
	title={9th challenge on question answering over linked data (QALD-9)},
	author={Usbeck, Ricardo and Gusmita, Ria Hari and Ngomo, Axel-Cyrille Ngonga and Saleem, Muhammad},
	booktitle={Semdeep/NLIWoD@ ISWC},
	pages={58--64},
	year={2018}
}

